@book{abrahams99tex,
  author =       {Paul W. Abrahams and Karl Berry and Kathryn A. Hargreaves},
  title =        {{\TeX} for the Impatient},
  publisher =    {Addison-Wesley},
  year =         {1990},
}

@incollection{salomon1995advanced,
  author =       {David Salomon},
  title =        {The advanced {\TeX}book},
  address =      {New York},
  publisher =    {Springer},
  year =         {1995},
}

@article{shi2018toast,
  title={TOAST: Ten-finger eyes-free typing on touchable surfaces},
  author={Shi, Weinan and Yu, Chun and Yi, Xin and Li, Zhen and Shi, Yuanchun},
  journal={Proceedings of the ACM on Interactive, Mobile, Wearable and Ubiquitous Technologies},
  volume={2},
  number={1},
  pages={1--23},
  year={2018},
  publisher={ACM New York, NY, USA}
}

@article{lu2017blindtype,
  title={Blindtype: Eyes-free text entry on handheld touchpad by leveraging thumb's muscle memory},
  author={Lu, Yiqin and Yu, Chun and Yi, Xin and Shi, Yuanchun and Zhao, Shengdong},
  journal={Proceedings of the ACM on Interactive, Mobile, Wearable and Ubiquitous Technologies},
  volume={1},
  number={2},
  pages={1--24},
  year={2017},
  publisher={ACM New York, NY, USA}
}

@inproceedings{zhong2018forceboard,
  title={Forceboard: Subtle text entry leveraging pressure},
  author={Zhong, Mingyuan and Yu, Chun and Wang, Qian and Xu, Xuhai and Shi, Yuanchun},
  booktitle={Proceedings of the 2018 CHI Conference on Human Factors in Computing Systems},
  pages={1--10},
  year={2018}
}

@incollection{mccallum2009pressuretext,
  title={PressureText: pressure input for mobile phone text entry},
  author={McCallum, David C and Mak, Edward and Irani, Pourang and Subramanian, Sriram},
  booktitle={CHI'09 Extended Abstracts on Human Factors in Computing Systems},
  pages={4519--4524},
  year={2009}
}

@inproceedings{flatglass2011,
  title={Typing on flat glass: examining ten-finger expert typing patterns on touch surfaces},
  author={Findlater, Leah and Wobbrock, Jacob O and Wigdor, Daniel},
  booktitle={Proceedings of the SIGCHI conference on Human factors in computing systems},
  pages={2453--2462},
  year={2011}
}

@article{yi2017too,
  title={Is it too small?: Investigating the performances and preferences of users when typing on tiny QWERTY keyboards},
  author={Yi, Xin and Yu, Chun and Shi, Weinan and Shi, Yuanchun},
  journal={International Journal of Human-Computer Studies},
  volume={106},
  pages={44--62},
  year={2017},
  publisher={Elsevier}
}

@inproceedings{goodman2002language,
  title={Language modeling for soft keyboards},
  author={Goodman, Joshua and Venolia, Gina and Steury, Keith and Parker, Chauncey},
  booktitle={Proceedings of the 7th international conference on Intelligent user interfaces},
  pages={194--195},
  year={2002}
}

@inproceedings{li20111line,
  title={The 1line keyboard: a QWERTY layout in a single line},
  author={Li, Frank Chun Yat and Guy, Richard T and Yatani, Koji and Truong, Khai N},
  booktitle={Proceedings of the 24th annual ACM symposium on User interface software and technology},
  pages={461--470},
  year={2011}
}

@inproceedings{lu2019typing,
  title={Typing on Split Keyboards with Peripheral Vision},
  author={Lu, Yiqin and Yu, Chun and Fan, Shuyi and Bi, Xiaojun and Shi, Yuanchun},
  booktitle={Proceedings of the 2019 CHI Conference on Human Factors in Computing Systems},
  pages={1--12},
  year={2019}
}

@inproceedings{yi2015atk,
  title={Atk: Enabling ten-finger freehand typing in air based on 3d hand tracking data},
  author={Yi, Xin and Yu, Chun and Zhang, Mingrui and Gao, Sida and Sun, Ke and Shi, Yuanchun},
  booktitle={Proceedings of the 28th Annual ACM Symposium on User Interface Software \& Technology},
  pages={539--548},
  year={2015}
}

@inproceedings{roeber2003typing,
  title={Typing in thin air: the canesta projection keyboard-a new method of interaction with electronic devices},
  author={Roeber, Helena and Bacus, John and Tomasi, Carlo},
  booktitle={CHI'03 extended abstracts on Human factors in computing systems},
  pages={712--713},
  year={2003}
}

@inproceedings{xu2019tiptext,
  author = {Xu, Zheer and Wong, Pui Chung and Gong, Jun and Wu, Te-Yen and Nittala, Aditya Shekhar and Bi, Xiaojun and Steimle, J\"{u}rgen and Fu, Hongbo and Zhu, Kening and Yang, Xing-Dong},
  title = {TipText: Eyes-Free Text Entry on a Fingertip Keyboard},
  year = {2019},
  isbn = {9781450368162},
  publisher = {Association for Computing Machinery},
  address = {New York, NY, USA},
  url = {https://doi.org/10.1145/3332165.3347865},
  doi = {10.1145/3332165.3347865},
  booktitle = {Proceedings of the 32nd Annual ACM Symposium on User Interface Software and Technology},
  pages = {883–899},
  numpages = {17},
  keywords = {text entry, wearable, micro thumb-tip gesture},
  location = {New Orleans, LA, USA},
  series = {UIST ’19}
}