@book{IEEE-1363,
  author          = {{IEEE Std 1363-2000}},
  title           = {{IEEE} Standard Specifications for Public-Key Cryptography},
  address         = {New York},
  publisher       = {IEEE},
  year            = 2000
}

@inproceedings{kocher99,
  author          = {C. Kocher and J. Jaffe and B. Jun},
  title           = {Differential Power Analysis},
  editor          = {M. Wiener},
  booktitle       = {Advances in Cryptology ({CRYPTO}~'99)},
  series          = {Lecture Notes in Computer Science},
  volume          = 1666,
  pages           = {388-397},
  publisher       = {Springer-Verlag},
  address         = {Germany},
  month           = {August},
  year            = 1999
}

@incollection{Krasnogor2004e,
  author          = {N. Krasnogor},
  title           = {Towards robust memetic algorithms},
  booktitle       = {Recent Advances in Memetic Algorithms},
  publisher       = {Springer Berlin Heidelberg},
  year            = 2004,
  pages           = {185-207},
  editor          = {W.E. Hart and N. Krasnogor and J.E. Smith},
  volume          = 166,
  series          = {Studies in Fuzziness and Soft Computing},
  address         = {New York},
}

@incollection{zjsw,
  author          = {班固},
  title           = {苏武传},
  booktitle       = {传记散文英华},
  publisher       = {湖北人民出版社},
  year            = 1998,
  pages           = {65-69},
  editor          = {郑在瀛 and 汪超宏 and 周文复},
  volume          = 2,
  series          = {新古文观止丛书},
  address         = {武汉},
}

@inbook{clzs,
  author          = {阎真},
  title           = {沧浪之水},
  chapter         = {大人物还是讲人情的},
  pages           = {185-207},
  publisher       = {人民文学出版社},
  address         = {北京},
  year            = 2001,
}

@book{tex,
  author          = "Donald E. Knuth",
  title           = "The {\TeX}book",
  publisher       = "Addison-Wesley Publishing Company",
  address         = "Reading, MA",
  year            = 1989,
  edition         = "15th",
}

@book{companion,
  author          = "Michel Goosens and Frank Mittelbach and Alexander Samarin",
  title           = "The {\LaTeX} Companion",
  publisher       = "Addison-Wesley Publishing Company",
  address         = "Reading, MA",
  PAGES           = "112--125",
  year            = 1994,
}

@article{ELIDRISSI94,
  author          = "{Chafik El Idrissi}, M. and {Roney}, A. and {Frigon}, C.
                  and {Larzilli{\`e}re}, M.",
  title           = "Measurements of total kinetic-energy released to the
                  {$N=2$} dissociation limit of {H}$_2$ --- evidence of the
                  dissociation of very high vibrational {R}ydberg states of
                  {H}$_2$ by doubly-excited states",
  journal         = "Chemical Physics Letters",
  pages           = "260-266",
  volume          = 224,
  number          = 10,
  year            = 1994,
}

@article{MELLINGER96,
  author          = "Mellinger, A. and Vidal, C. R. and Jungen, Ch.",
  title           = "Laser reduced fluorescence study of the carbon-monoxide nd
                  triplet {R}ydberg series-experimental results and multichannel
                  quantum-defect analysis",
  journal         = "J. Chem. Phys.",
  pages           = "8913-8921",
  volume          = 104,
  number          = 5,
  year            = 1996,
}

@article{SHELL02,
  author          = "Michael Shell",
  title           = "How to Use the {IEEEtran \LaTeX} Class",
  journal         = "Journal of {\LaTeX} Class Files",
  year            = 2002,
  volume          = 12,
  number          = 4,
  pages           = "100--120"
}

@TechReport{NPB2,
  title =        {The {NAS} Parallel Benchmarks 2.0},
  author =       {Alex Woo and David Bailey and Maurice Yarrow and Wijngaart
                  Wijngaart and Tim Harris and William Saphir},
  year =         1995,
  month =        dec # "~05",
  institution =  "The Pennsylvania State University CiteSeer Archives",
  url =          "http://www.nasa.org/"
}

@inproceedings{DPMG,
  author          = {Kim, Sangbum and Woo, Namyoon and Yeom, Heon Y. and Park,
                  Taesoon and Park, Hyoungwoo},
  title           = {Design and {I}mplementation of {D}ynamic {P}rocess
                  {M}anagement for {G}rid-enabled {MPICH}},
  booktitle       = {the 10th European PVM/MPI Users' Group Conference},
  editor          = {Jack Dongarra and Domenico Laforenza and Salvatore Orlando},
  publisher       = {Springer-Verlag},
  year            = 2003,
  address         = {Venice, Italy},
  month           = sep,
}

@inproceedings{cnproceed,
  author          = {王重阳 and 黄药师 and 欧阳峰 and 洪七公 and 段皇帝},
  publisher       = {金大庸},
  title           = {武林高手从入门到精通},
  booktitle       = {第~$N$~次华山论剑},
  year            = 2006,
  address         = {西安, 中国},
  month           = sep,
}

@article{cnarticle,
  author          = "贾宝玉 and 林黛玉 and 薛宝钗 and 贾探春",
  title           = "论刘姥姥食量大如牛之现实意义",
  journal         = "红楼梦杂谈",
  pages           = "260--266",
  volume          = 224,
  year            = 1800,
}

@mastersthesis{zhubajie,
  author =       {猪八戒},
  title =        {论流体食物的持久保存},
  school =       {广寒宫大学},
  year =         2005,
  address =      {北京},
}

@phdthesis{shaheshang,
  author =       {沙和尚},
  title =        {论流沙河的综合治理},
  school =       {清华大学},
  year =         2005,
  address =      {北京},
}

@mastersthesis{metamori2004,
  author =       {Ashwin Raju Jeyakumar},
  title =        {Metamori: A library for Incremental File Checkpointing},
  school =       {Virgina Tech},
  year =         2004,
  month =        jun # "~21",
  address =      {Blacksburg},
}

@phdthesis{FistSystem01,
  author =       "Erez Zadok",
  title =        "{FiST: A System for Stackable File System Code Generation}",
  year =         2001,
  month =        "May",
  school =       "Computer Science Department, Columbia University",
  address =      "USA"
}

@inbook{ColdSources,
  author          = {P. Gr{\"o}ning and L. Nilsson and P. Ruffieux and R.
                  Clergereaux and O. Gr{\"o}ning},
  title           = {Encyclopedia of Nanoscience and Nanotechnology},
  pages           = {547--579},
  publisher       = {American Scientific Publishers},
  year            = 2004,
  volume          = 1,
  address         = {USA},
}

@online{chuban2001,
  author          = {萧钰},
  title           = {出版业信息化迈入快车道},
  date            = {2001-12-19},
  urldate         = {2002-04-15},
  url             = {http://www.creader.com/news/200112190019.htm},
}

@online{oclc2000,
  author          = {{Online Computer Library Center, Inc.}},
  title           = {History of {OCLC}},
  year            = 2000,
  urldate         = {2000-01-08},
  url             = {http://www.oclc.org/about/history/default.htm},
}

@online{thuthesis,
  author          = {薛瑞尼},
  title           = {ThuThesis: 清华大学学位论文模板},
  urldate         = {2019-04-27},
  url             = {https://github.com/xueruini/thuthesis},
  year            = 2017,
}

@misc{anc,
  title = {{American National Corpus}},
  year = 2016,
  note = {\url{http://www.anc.org/OANC/index.html}},
}

@misc{speedcalc,
  title = {{A note on calculating text entry speed}},
  year = 2016,
  note = {\url{http://www.yorku.ca/mack/RN-TextEntrySpeed.html}},
}

@misc{texttest,
  title = {{TextTest}},
  year = 2019,
  note = {\url{http://depts.washington.edu/acelab/proj/texttest/index.html}},
}

@article{wobbrock2006analyzing,
  author    = {Jacob O. Wobbrock and
               Brad A. Myers},
  title     = {Analyzing the input stream for character- level errors in unconstrained
               text entry evaluations},
  journal   = {{ACM} Trans. Comput. Hum. Interact.},
  volume    = {13},
  number    = {4},
  pages     = {458--489},
  year      = {2006},
  url       = {https://doi.org/10.1145/1188816.1188819},
  doi       = {10.1145/1188816.1188819},
  timestamp = {Sat, 25 Apr 2020 14:01:51 +0200},
  biburl    = {https://dblp.org/rec/journals/tochi/WobbrockM06.bib},
  bibsource = {dblp computer science bibliography, https://dblp.org}
}


@article{2018shitoast,
  author    = {Weinan Shi and
               Chun Yu and
               Xin Yi and
               Zhen Li and
               Yuanchun Shi},
  title     = {{TOAST:} Ten-Finger Eyes-Free Typing on Touchable Surfaces},
  journal   = {{IMWUT}},
  volume    = {2},
  number    = {1},
  pages     = {33:1--33:23},
  year      = {2018},
  url       = {https://doi.org/10.1145/3191765},
  doi       = {10.1145/3191765},
  timestamp = {Wed, 21 Nov 2018 12:44:29 +0100},
  biburl    = {https://dblp.org/rec/journals/imwut/ShiYYLS18.bib},
  bibsource = {dblp computer science bibliography, https://dblp.org}
}

@inproceedings{language2002goodman,
  author    = {Joshua Goodman and
               Gina Danielle Venolia and
               Keith Steury and
               Chauncey Parker},
  editor    = {Kristian J. Hammond and
               Yolanda Gil and
               David Leake},
  title     = {Language modeling for soft keyboards},
  booktitle = {Proceedings of the 7th International Conference on Intelligent User
               Interfaces, {IUI} 2002, San Francisco, California, USA, January 13-16,
               2002},
  pages     = {194--195},
  publisher = {{ACM}},
  year      = {2002},
  url       = {https://doi.org/10.1145/502716.502753},
  doi       = {10.1145/502716.502753},
  timestamp = {Tue, 06 Nov 2018 11:07:41 +0100},
  biburl    = {https://dblp.org/rec/conf/iui/GoodmanVSP02.bib},
  bibsource = {dblp computer science bibliography, https://dblp.org}
}

@article{2017blindtype,
  author    = {Yiqin Lu and
               Chun Yu and
               Xin Yi and
               Yuanchun Shi and
               Shengdong Zhao},
  title     = {BlindType: Eyes-Free Text Entry on Handheld Touchpad by Leveraging
               Thumb's Muscle Memory},
  journal   = {{IMWUT}},
  volume    = {1},
  number    = {2},
  pages     = {18:1--18:24},
  year      = {2017},
  url       = {https://doi.org/10.1145/3090083},
  doi       = {10.1145/3090083},
  timestamp = {Tue, 06 Nov 2018 12:51:51 +0100},
  biburl    = {https://dblp.org/rec/journals/imwut/LuYYSZ17.bib},
  bibsource = {dblp computer science bibliography, https://dblp.org}
}

@inproceedings{2015atk,
  author    = {Xin Yi and
               Chun Yu and
               Mingrui Zhang and
               Sida Gao and
               Ke Sun and
               Yuanchun Shi},
  editor    = {Celine Latulipe and
               Bjoern Hartmann and
               Tovi Grossman},
  title     = {{ATK:} Enabling Ten-Finger Freehand Typing in Air Based on 3D Hand
               Tracking Data},
  booktitle = {Proceedings of the 28th Annual {ACM} Symposium on User Interface Software
               {\&} Technology, {UIST} 2015, Charlotte, NC, USA, November 8-11,
               2015},
  pages     = {539--548},
  publisher = {{ACM}},
  year      = {2015},
  url       = {https://doi.org/10.1145/2807442.2807504},
  doi       = {10.1145/2807442.2807504},
  timestamp = {Tue, 06 Nov 2018 16:58:07 +0100},
  biburl    = {https://dblp.org/rec/conf/uist/YiYZGSS15.bib},
  bibsource = {dblp computer science bibliography, https://dblp.org}
}

@inproceedings{2018forceboard,
  author    = {Mingyuan Zhong and
               Chun Yu and
               Qian Wang and
               Xuhai Xu and
               Yuanchun Shi},
  editor    = {Regan L. Mandryk and
               Mark Hancock and
               Mark Perry and
               Anna L. Cox},
  title     = {ForceBoard: Subtle Text Entry Leveraging Pressure},
  booktitle = {Proceedings of the 2018 {CHI} Conference on Human Factors in Computing
               Systems, {CHI} 2018, Montreal, QC, Canada, April 21-26, 2018},
  pages     = {528},
  publisher = {{ACM}},
  year      = {2018},
  url       = {https://doi.org/10.1145/3173574.3174102},
  doi       = {10.1145/3173574.3174102},
  timestamp = {Wed, 19 Dec 2018 19:11:43 +0100},
  biburl    = {https://dblp.org/rec/conf/chi/ZhongYWXS18.bib},
  bibsource = {dblp computer science bibliography, https://dblp.org}
}

@article{mackenzie1999text,
  author    = {I. Scott MacKenzie and
               Shawn X. Zhang and
               R. William Soukoreff},
  title     = {Text entry using soft keyboards},
  journal   = {Behav. Inf. Technol.},
  volume    = {18},
  number    = {4},
  pages     = {235--244},
  year      = {1999},
  url       = {https://doi.org/10.1080/014492999118995},
  doi       = {10.1080/014492999118995},
  timestamp = {Thu, 12 Mar 2020 17:19:09 +0100},
  biburl    = {https://dblp.org/rec/journals/behaviourIT/MacKenzieZS99.bib},
  bibsource = {dblp computer science bibliography, https://dblp.org}
}

@inproceedings{flatglass2011findlater,
  author    = {Leah Findlater and
               Jacob O. Wobbrock and
               Daniel Wigdor},
  editor    = {Desney S. Tan and
               Saleema Amershi and
               Bo Begole and
               Wendy A. Kellogg and
               Manas Tungare},
  title     = {Typing on flat glass: examining ten-finger expert typing patterns
               on touch surfaces},
  booktitle = {Proceedings of the International Conference on Human Factors in Computing
               Systems, {CHI} 2011, Vancouver, BC, Canada, May 7-12, 2011},
  pages     = {2453--2462},
  publisher = {{ACM}},
  year      = {2011},
  url       = {https://doi.org/10.1145/1978942.1979301},
  doi       = {10.1145/1978942.1979301},
  timestamp = {Tue, 06 Nov 2018 16:58:53 +0100},
  biburl    = {https://dblp.org/rec/conf/chi/FindlaterWW11.bib},
  bibsource = {dblp computer science bibliography, https://dblp.org}
}

@article{mackenzie2001empirical,
  author    = {I. Scott MacKenzie and
               Shawn X. Zhang},
  title     = {An empirical investigation of the novice experience with soft keyboards},
  journal   = {Behav. Inf. Technol.},
  volume    = {20},
  number    = {6},
  pages     = {411--418},
  year      = {2001},
  url       = {https://doi.org/10.1080/01449290110089561},
  doi       = {10.1080/01449290110089561},
  timestamp = {Thu, 12 Mar 2020 17:18:50 +0100},
  biburl    = {https://dblp.org/rec/journals/behaviourIT/MacKenzieZ01.bib},
  bibsource = {dblp computer science bibliography, https://dblp.org}
}

@inproceedings{roeber2003typing,
  author    = {Helena Roeber and
               John Bacus and
               Carlo Tomasi},
  editor    = {Gilbert Cockton and
               Panu Korhonen},
  title     = {Typing in thin air: the canesta projection keyboard - a new method
               of interaction with electronic devices},
  booktitle = {Extended abstracts of the 2003 Conference on Human Factors in Computing
               Systems, {CHI} 2003, Ft. Lauderdale, Florida, USA, April 5-10, 2003},
  pages     = {712--713},
  publisher = {{ACM}},
  year      = {2003},
  url       = {https://doi.org/10.1145/765891.765944},
  doi       = {10.1145/765891.765944},
  timestamp = {Tue, 06 Nov 2018 16:58:53 +0100},
  biburl    = {https://dblp.org/rec/conf/chi/RoeberBT03.bib},
  bibsource = {dblp computer science bibliography, https://dblp.org}
}

@inproceedings{tinwala2010eyes,
  author    = {Hussain Tinwala and
               I. Scott MacKenzie},
  editor    = {Ebba {\TH}{\'{o}}ra Hvannberg and
               Marta Krist{\'{\i}}n L{\'{a}}rusd{\'{o}}ttir and
               Ann Blandford and
               Jan Gulliksen},
  title     = {Eyes-free text entry with error correction on touchscreen mobile devices},
  booktitle = {Proceedings of the 6th Nordic Conference on Human-Computer Interaction
               2010, Reykjavik, Iceland, October 16-20, 2010},
  pages     = {511--520},
  publisher = {{ACM}},
  year      = {2010},
  url       = {https://doi.org/10.1145/1868914.1868972},
  doi       = {10.1145/1868914.1868972},
  timestamp = {Tue, 06 Nov 2018 11:07:45 +0100},
  biburl    = {https://dblp.org/rec/conf/nordichi/TinwalaM10.bib},
  bibsource = {dblp computer science bibliography, https://dblp.org}
}

@inproceedings{bunke1993fast,
  author    = {Horst Bunke},
  title     = {A fast algorithm for finding the nearest neighbor of a word in a dictionary},
  booktitle = {2nd International Conference Document Analysis and Recognition, {ICDAR}
               '93, October 20-22, 1993, Tsukuba City, Japan},
  pages     = {632--637},
  publisher = {{IEEE} Computer Society},
  year      = {1993},
  url       = {https://doi.org/10.1109/ICDAR.1993.395657},
  doi       = {10.1109/ICDAR.1993.395657},
  timestamp = {Wed, 16 Oct 2019 14:14:54 +0200},
  biburl    = {https://dblp.org/rec/conf/icdar/Bunke93.bib},
  bibsource = {dblp computer science bibliography, https://dblp.org}
}

@inproceedings{zhu2019sfree,
  author    = {Suwen Zhu and
               Jingjie Zheng and
               Shumin Zhai and
               Xiaojun Bi},
  editor    = {Stephen A. Brewster and
               Geraldine Fitzpatrick and
               Anna L. Cox and
               Vassilis Kostakos},
  title     = {i'sFree: Eyes-Free Gesture Typing via a Touch-Enabled Remote Control},
  booktitle = {Proceedings of the 2019 {CHI} Conference on Human Factors in Computing
               Systems, {CHI} 2019, Glasgow, Scotland, UK, May 04-09, 2019},
  pages     = {448},
  publisher = {{ACM}},
  year      = {2019},
  url       = {https://doi.org/10.1145/3290605.3300678},
  doi       = {10.1145/3290605.3300678},
  timestamp = {Sun, 02 Jun 2019 21:13:35 +0200},
  biburl    = {https://dblp.org/rec/conf/chi/ZhuZZB19.bib},
  bibsource = {dblp computer science bibliography, https://dblp.org}
}

@inproceedings{murase2012gesture,
    author    = {Taichi Murase and
               Atsunori Moteki and
               Genta Suzuki and
               Takahiro Nakai and
               Nobuyuki Hara and
               Takahiro Matsuda},
  editor    = {Jean{-}Marc Seigneur and
               Hartmut Koenitz and
               Guillaume Moreau},
  title     = {Gesture keyboard with a machine learning requiring only one camera},
  booktitle = {Proceedings of the 3rd Augmented Human International Conference, {AH}
               2012, Meg{\`{e}}ve, France, March 8-9, 2012},
  pages     = {29},
  publisher = {{ACM}},
  year      = {2012},
  url       = {https://doi.org/10.1145/2160125.2160154},
  doi       = {10.1145/2160125.2160154},
  timestamp = {Tue, 06 Nov 2018 16:58:28 +0100},
  biburl    = {https://dblp.org/rec/conf/aughuman/MuraseMSNHM12.bib},
  bibsource = {dblp computer science bibliography, https://dblp.org}
}

@article{yang2019proxitalk,
  author    = {Zhican Yang and
               Chun Yu and
               Fengshi Zheng and
               Yuanchun Shi},
  title     = {ProxiTalk: Activate Speech Input by Bringing Smartphone to the Mouth},
  journal   = {{IMWUT}},
  volume    = {3},
  number    = {3},
  pages     = {118:1--118:25},
  year      = {2019},
  url       = {https://doi.org/10.1145/3351276},
  doi       = {10.1145/3351276},
  timestamp = {Thu, 24 Oct 2019 09:19:44 +0200},
  biburl    = {https://dblp.org/rec/journals/imwut/YangYZS19.bib},
  bibsource = {dblp computer science bibliography, https://dblp.org}
}

@inproceedings{yu2019handsee,
  author    = {Chun Yu and
               Xiaoying Wei and
               Shubh Vachher and
               Yue Qin and
               Chen Liang and
               Yueting Weng and
               Yizheng Gu and
               Yuanchun Shi},
  editor    = {Stephen A. Brewster and
               Geraldine Fitzpatrick and
               Anna L. Cox and
               Vassilis Kostakos},
  title     = {HandSee: Enabling Full Hand Interaction on Smartphone with Front Camera-based
               Stereo Vision},
  booktitle = {Proceedings of the 2019 {CHI} Conference on Human Factors in Computing
               Systems, {CHI} 2019, Glasgow, Scotland, UK, May 04-09, 2019},
  pages     = {705},
  publisher = {{ACM}},
  year      = {2019},
  url       = {https://doi.org/10.1145/3290605.3300935},
  doi       = {10.1145/3290605.3300935},
  timestamp = {Sun, 02 Jun 2019 21:13:35 +0200},
  biburl    = {https://dblp.org/rec/conf/chi/YuWVQLWGS19.bib},
  bibsource = {dblp computer science bibliography, https://dblp.org}
}

@inproceedings{wang2019eartouch,
  author    = {Ruolin Wang and
               Chun Yu and
               Xing{-}Dong Yang and
               Weijie He and
               Yuanchun Shi},
  editor    = {Stephen A. Brewster and
               Geraldine Fitzpatrick and
               Anna L. Cox and
               Vassilis Kostakos},
  title     = {EarTouch: Facilitating Smartphone Use for Visually Impaired People
               in Mobile and Public Scenarios},
  booktitle = {Proceedings of the 2019 {CHI} Conference on Human Factors in Computing
               Systems, {CHI} 2019, Glasgow, Scotland, UK, May 04-09, 2019},
  pages     = {24},
  publisher = {{ACM}},
  year      = {2019},
  url       = {https://doi.org/10.1145/3290605.3300254},
  doi       = {10.1145/3290605.3300254},
  timestamp = {Sun, 02 Jun 2019 21:13:35 +0200},
  biburl    = {https://dblp.org/rec/conf/chi/WangYYHS19.bib},
  bibsource = {dblp computer science bibliography, https://dblp.org}
}

@inproceedings{mascetti2012typeinbraille,
  author    = {Sergio Mascetti and
               Cristian Bernareggi and
               Matteo Belotti},
  editor    = {Klaus Miesenberger and
               Arthur I. Karshmer and
               Petr Pen{\'{a}}z and
               Wolfgang L. Zagler},
  title     = {TypeInBraille: Quick Eyes-Free Typing on Smartphones},
  booktitle = {Computers Helping People with Special Needs - 13th International Conference,
               {ICCHP} 2012, Linz, Austria, July 11-13, 2012, Proceedings, Part {II}},
  series    = {Lecture Notes in Computer Science},
  volume    = {7383},
  pages     = {615--622},
  publisher = {Springer},
  year      = {2012},
  url       = {https://doi.org/10.1007/978-3-642-31534-3\_90},
  doi       = {10.1007/978-3-642-31534-3\_90},
  timestamp = {Tue, 14 May 2019 10:00:53 +0200},
  biburl    = {https://dblp.org/rec/conf/icchp/MascettiBB12.bib},
  bibsource = {dblp computer science bibliography, https://dblp.org}
}

@inproceedings{1dhandwriting,
  author    = {Chun Yu and
               Ke Sun and
               Mingyuan Zhong and
               Xincheng Li and
               Peijun Zhao and
               Yuanchun Shi},
  editor    = {Jofish Kaye and
               Allison Druin and
               Cliff Lampe and
               Dan Morris and
               Juan Pablo Hourcade},
  title     = {One-Dimensional Handwriting: Inputting Letters and Words on Smart
               Glasses},
  booktitle = {Proceedings of the 2016 {CHI} Conference on Human Factors in Computing
               Systems, San Jose, CA, USA, May 7-12, 2016},
  pages     = {71--82},
  publisher = {{ACM}},
  year      = {2016},
  url       = {https://doi.org/10.1145/2858036.2858542},
  doi       = {10.1145/2858036.2858542},
  timestamp = {Wed, 19 Dec 2018 19:11:50 +0100},
  biburl    = {https://dblp.org/rec/conf/chi/YuSZLZS16.bib},
  bibsource = {dblp computer science bibliography, https://dblp.org}
}

@article{banovic2013escape,
  author    = {Nikola Banovic and
               Koji Yatani and
               Khai N. Truong},
  title     = {Escape-Keyboard: {A} Sight-Free One-Handed Text Entry Method for Mobile
               Touch-screen Devices},
  journal   = {Int. J. Mob. Hum. Comput. Interact.},
  volume    = {5},
  number    = {3},
  pages     = {42--61},
  year      = {2013},
  url       = {https://doi.org/10.4018/jmhci.2013070103},
  doi       = {10.4018/jmhci.2013070103},
  timestamp = {Mon, 11 May 2020 23:01:08 +0200},
  biburl    = {https://dblp.org/rec/journals/ijmhci/BanovicYT13.bib},
  bibsource = {dblp computer science bibliography, https://dblp.org}
}

@inproceedings{bonner2010no,
  author    = {Matthew N. Bonner and
               Jeremy T. Brudvik and
               Gregory D. Abowd and
               W. Keith Edwards},
  editor    = {Patrik Flor{\'{e}}en and
               Antonio Kr{\"{u}}ger and
               Mirjana Spasojevic},
  title     = {No-Look Notes: Accessible Eyes-Free Multi-touch Text Entry},
  booktitle = {Pervasive Computing, 8th International Conference, Pervasive 2010,
               Helsinki, Finland, May 17-20, 2010. Proceedings},
  series    = {Lecture Notes in Computer Science},
  volume    = {6030},
  pages     = {409--426},
  publisher = {Springer},
  year      = {2010},
  url       = {https://doi.org/10.1007/978-3-642-12654-3\_24},
  doi       = {10.1007/978-3-642-12654-3\_24},
  timestamp = {Tue, 14 May 2019 10:00:36 +0200},
  biburl    = {https://dblp.org/rec/conf/pervasive/BonnerBAE10.bib},
  bibsource = {dblp computer science bibliography, https://dblp.org}
}

@inproceedings{weir2014uncertain,
  author    = {Daryl Weir and
               Henning Pohl and
               Simon Rogers and
               Keith Vertanen and
               Per Ola Kristensson},
  editor    = {Matt Jones and
               Philippe A. Palanque and
               Albrecht Schmidt and
               Tovi Grossman},
  title     = {Uncertain text entry on mobile devices},
  booktitle = {{CHI} Conference on Human Factors in Computing Systems, CHI'14, Toronto,
               ON, Canada - April 26 - May 01, 2014},
  pages     = {2307--2316},
  publisher = {{ACM}},
  year      = {2014},
  url       = {https://doi.org/10.1145/2556288.2557412},
  doi       = {10.1145/2556288.2557412},
  timestamp = {Tue, 06 Nov 2018 16:58:46 +0100},
  biburl    = {https://dblp.org/rec/conf/chi/WeirPRVK14.bib},
  bibsource = {dblp computer science bibliography, https://dblp.org}
}

@article{zhai2012word,
  author    = {Shumin Zhai and
               Per Ola Kristensson},
  title     = {The word-gesture keyboard: reimagining keyboard interaction},
  journal   = {Commun. {ACM}},
  volume    = {55},
  number    = {9},
  pages     = {91--101},
  year      = {2012},
  url       = {https://doi.org/10.1145/2330667.2330689},
  doi       = {10.1145/2330667.2330689},
  timestamp = {Tue, 06 Nov 2018 12:51:42 +0100},
  biburl    = {https://dblp.org/rec/journals/cacm/ZhaiK12.bib},
  bibsource = {dblp computer science bibliography, https://dblp.org}
}

@inproceedings{brewster2009pressure,
  author    = {Stephen A. Brewster and
               Michael Hughes},
  editor    = {Reinhard Oppermann and
               Markus Eisenhauer and
               Matthias Jarke and
               Volker Wulf},
  title     = {Pressure-based text entry for mobile devices},
  booktitle = {Proceedings of the 11th Conference on Human-Computer Interaction with
               Mobile Devices and Services, Mobile {HCI} 2009, Bonn, Germany, September
               15-18, 2009},
  series    = {{ACM} International Conference Proceeding Series},
  publisher = {{ACM}},
  year      = {2009},
  url       = {https://doi.org/10.1145/1613858.1613870},
  doi       = {10.1145/1613858.1613870},
  timestamp = {Sun, 02 Jun 2019 21:23:40 +0200},
  biburl    = {https://dblp.org/rec/conf/mhci/BrewsterH09.bib},
  bibsource = {dblp computer science bibliography, https://dblp.org}
}

@inproceedings{zhu2018typing,
  author    = {Suwen Zhu and
               Tianyao Luo and
               Xiaojun Bi and
               Shumin Zhai},
  editor    = {Regan L. Mandryk and
               Mark Hancock and
               Mark Perry and
               Anna L. Cox},
  title     = {Typing on an Invisible Keyboard},
  booktitle = {Proceedings of the 2018 {CHI} Conference on Human Factors in Computing
               Systems, {CHI} 2018, Montreal, QC, Canada, April 21-26, 2018},
  pages     = {439},
  publisher = {{ACM}},
  year      = {2018},
  url       = {https://doi.org/10.1145/3173574.3174013},
  doi       = {10.1145/3173574.3174013},
  timestamp = {Wed, 21 Nov 2018 12:44:22 +0100},
  biburl    = {https://dblp.org/rec/conf/chi/ZhuLBZ18.bib},
  bibsource = {dblp computer science bibliography, https://dblp.org}
}

@inproceedings{ewerling2012finger,
  author    = {Philipp Ewerling and
               Alexander Kulik and
               Bernd Froehlich},
  editor    = {Orit Shaer and
               Chia Shen and
               Meredith Ringel Morris and
               Michael S. Horn},
  title     = {Finger and hand detection for multi-touch interfaces based on maximally
               stable extremal regions},
  booktitle = {Interactive Tabletops and Surfaces, ITS'12, Cambridge/Boston, MA,
               USA, November 11-14, 2012},
  pages     = {173--182},
  publisher = {{ACM}},
  year      = {2012},
  url       = {https://doi.org/10.1145/2396636.2396663},
  doi       = {10.1145/2396636.2396663},
  timestamp = {Tue, 06 Nov 2018 16:57:54 +0100},
  biburl    = {https://dblp.org/rec/conf/tabletop/EwerlingKF12.bib},
  bibsource = {dblp computer science bibliography, https://dblp.org}
}

@inproceedings{schwarz2014probabilistic,
  author    = {Julia Schwarz and
               Robert Xiao and
               Jennifer Mankoff and
               Scott E. Hudson and
               Chris Harrison},
  editor    = {Matt Jones and
               Philippe A. Palanque and
               Albrecht Schmidt and
               Tovi Grossman},
  title     = {Probabilistic palm rejection using spatiotemporal touch features and
               iterative classification},
  booktitle = {{CHI} Conference on Human Factors in Computing Systems, CHI'14, Toronto,
               ON, Canada - April 26 - May 01, 2014},
  pages     = {2009--2012},
  publisher = {{ACM}},
  year      = {2014},
  url       = {https://doi.org/10.1145/2556288.2557056},
  doi       = {10.1145/2556288.2557056},
  timestamp = {Thu, 12 Dec 2019 07:57:40 +0100},
  biburl    = {https://dblp.org/rec/conf/chi/SchwarzXMHH14.bib},
  bibsource = {dblp computer science bibliography, https://dblp.org}
}

@inproceedings{2019tiptext,
  author    = {Zheer Xu and
               Pui Chung Wong and
               Jun Gong and
               Te{-}Yen Wu and
               Aditya Shekhar Nittala and
               Xiaojun Bi and
               J{\"{u}}rgen Steimle and
               Hongbo Fu and
               Kening Zhu and
               Xing{-}Dong Yang},
  editor    = {Fran{\c{c}}ois Guimbreti{\`{e}}re and
               Michael Bernstein and
               Katharina Reinecke},
  title     = {TipText: Eyes-Free Text Entry on a Fingertip Keyboard},
  booktitle = {Proceedings of the 32nd Annual {ACM} Symposium on User Interface Software
               and Technology, {UIST} 2019, New Orleans, LA, USA, October 20-23,
               2019},
  pages     = {883--899},
  publisher = {{ACM}},
  year      = {2019},
  url       = {https://doi.org/10.1145/3332165.3347865},
  doi       = {10.1145/3332165.3347865},
  timestamp = {Fri, 27 Mar 2020 08:46:53 +0100},
  biburl    = {https://dblp.org/rec/conf/uist/XuWGWNBSFZY19.bib},
  bibsource = {dblp computer science bibliography, https://dblp.org}
}

@inproceedings{palmboard2020,
  author    = {Xin Yi and
               Chen Wang and
               Xiaojun Bi and
               Yuanchun Shi},
  editor    = {Regina Bernhaupt and
               Florian 'Floyd' Mueller and
               David Verweij and
               Josh Andres and
               Joanna McGrenere and
               Andy Cockburn and
               Ignacio Avellino and
               Alix Goguey and
               Pernille Bj{\o}n and
               Shengdong Zhao and
               Briane Paul Samson and
               Rafal Kocielnik},
  title     = {PalmBoard: Leveraging Implicit Touch Pressure in Statistical Decoding
               for Indirect Text Entry},
  booktitle = {{CHI} '20: {CHI} Conference on Human Factors in Computing Systems,
               Honolulu, HI, USA, April 25-30, 2020},
  pages     = {1--13},
  publisher = {{ACM}},
  year      = {2020},
  url       = {https://doi.org/10.1145/3313831.3376441},
  doi       = {10.1145/3313831.3376441},
  timestamp = {Tue, 12 May 2020 12:58:02 +0200},
  biburl    = {https://dblp.org/rec/conf/chi/YiWBS20.bib},
  bibsource = {dblp computer science bibliography, https://dblp.org}
}
  
@inproceedings{2011li1line,
  author    = {Frank Chun Yat Li and
               Richard T. Guy and
               Koji Yatani and
               Khai N. Truong},
  editor    = {Jeffrey S. Pierce and
               Maneesh Agrawala and
               Scott R. Klemmer},
  title     = {The 1line keyboard: a {QWERTY} layout in a single line},
  booktitle = {Proceedings of the 24th Annual {ACM} Symposium on User Interface Software
               and Technology, Santa Barbara, CA, USA, October 16-19, 2011},
  pages     = {461--470},
  publisher = {{ACM}},
  year      = {2011},
  url       = {https://doi.org/10.1145/2047196.2047257},
  doi       = {10.1145/2047196.2047257},
  timestamp = {Tue, 06 Nov 2018 16:58:07 +0100},
  biburl    = {https://dblp.org/rec/conf/uist/LiGYT11.bib},
  bibsource = {dblp computer science bibliography, https://dblp.org}
}

@inproceedings{mackenzie2003phrase,
  author    = {I. Scott MacKenzie and
               R. William Soukoreff},
  editor    = {Gilbert Cockton and
               Panu Korhonen},
  title     = {Phrase sets for evaluating text entry techniques},
  booktitle = {Extended abstracts of the 2003 Conference on Human Factors in Computing
               Systems, {CHI} 2003, Ft. Lauderdale, Florida, USA, April 5-10, 2003},
  pages     = {754--755},
  publisher = {{ACM}},
  year      = {2003},
  url       = {https://doi.org/10.1145/765891.765971},
  doi       = {10.1145/765891.765971},
  timestamp = {Tue, 06 Nov 2018 16:58:49 +0100},
  biburl    = {https://dblp.org/rec/conf/chi/MacKenzieS03.bib},
  bibsource = {dblp computer science bibliography, https://dblp.org}
}

@inproceedings{t40,
  author    = {Xin Yi and
               Chun Yu and
               Weinan Shi and
               Xiaojun Bi and
               Yuanchun Shi},
  editor    = {Gloria Mark and
               Susan R. Fussell and
               Cliff Lampe and
               m. c. schraefel and
               Juan Pablo Hourcade and
               Caroline Appert and
               Daniel Wigdor},
  title     = {Word Clarity as a Metric in Sampling Keyboard Test Sets},
  booktitle = {Proceedings of the 2017 {CHI} Conference on Human Factors in Computing
               Systems, Denver, CO, USA, May 06-11, 2017},
  pages     = {4216--4228},
  publisher = {{ACM}},
  year      = {2017},
  url       = {https://doi.org/10.1145/3025453.3025701},
  doi       = {10.1145/3025453.3025701},
  timestamp = {Tue, 06 Nov 2018 16:58:42 +0100},
  biburl    = {https://dblp.org/rec/conf/chi/YiYSBS17.bib},
  bibsource = {dblp computer science bibliography, https://dblp.org}
}


@inproceedings{cer,
  author    = {R. William Soukoreff and
               I. Scott MacKenzie},
  editor    = {Gilbert Cockton and
               Panu Korhonen},
  title     = {Metrics for text entry research: an evaluation of {MSD} and KSPC,
               and a new unified error metric},
  booktitle = {Proceedings of the 2003 Conference on Human Factors in Computing Systems,
               {CHI} 2003, Ft. Lauderdale, Florida, USA, April 5-10, 2003},
  pages     = {113--120},
  publisher = {{ACM}},
  year      = {2003},
  url       = {https://doi.org/10.1145/642611.642632},
  doi       = {10.1145/642611.642632},
  timestamp = {Tue, 06 Nov 2018 16:58:45 +0100},
  biburl    = {https://dblp.org/rec/conf/chi/SoukoreffM03.bib},
  bibsource = {dblp computer science bibliography, https://dblp.org}
}
@inproceedings{MolchanovGKK15,
  author    = {Pavlo Molchanov and
               Shalini Gupta and
               Kihwan Kim and
               Jan Kautz},
  title     = {Hand gesture recognition with 3D convolutional neural networks},
  booktitle = {2015 {IEEE} Conference on Computer Vision and Pattern Recognition
               Workshops, {CVPR} Workshops 2015, Boston, MA, USA, June 7-12, 2015},
  pages     = {1--7},
  publisher = {{IEEE} Computer Society},
  year      = {2015},
  url       = {https://doi.org/10.1109/CVPRW.2015.7301342},
  doi       = {10.1109/CVPRW.2015.7301342},
  timestamp = {Wed, 16 Oct 2019 14:14:50 +0200},
  biburl    = {https://dblp.org/rec/conf/cvpr/MolchanovGKK15.bib},
  bibsource = {dblp computer science bibliography, https://dblp.org}
}

@inproceedings{compass,
  author    = {Xin Yi and
               Chun Yu and
               Weijie Xu and
               Xiaojun Bi and
               Yuanchun Shi},
  editor    = {Gloria Mark and
               Susan R. Fussell and
               Cliff Lampe and
               m. c. schraefel and
               Juan Pablo Hourcade and
               Caroline Appert and
               Daniel Wigdor},
  title     = {{COMPASS:} Rotational Keyboard on Non-Touch Smartwatches},
  booktitle = {Proceedings of the 2017 {CHI} Conference on Human Factors in Computing
               Systems, Denver, CO, USA, May 06-11, 2017},
  pages     = {705--715},
  publisher = {{ACM}},
  year      = {2017},
  url       = {https://doi.org/10.1145/3025453.3025454},
  doi       = {10.1145/3025453.3025454},
  timestamp = {Tue, 06 Nov 2018 16:58:46 +0100},
  biburl    = {https://dblp.org/rec/conf/chi/YiYXBS17.bib},
  bibsource = {dblp computer science bibliography, https://dblp.org}
}